<?xml version="1.0" encoding="UTF-8"?><collection xmlns="http://www.loc.gov/MARC21/slim"><record><leader>00687nam--2200193-u-4500</leader><controlfield tag="001">000053512</controlfield><controlfield tag="002">20161230</controlfield><controlfield tag="005">20161230201051</controlfield><controlfield tag="008">110408s1000------------r-----000-0-eng-d</controlfield><datafield ind1=" " ind2=" " tag="020"><subfield code="a">9739931286</subfield></datafield><datafield ind1=" " ind2=" " tag="040"><subfield code="a">IFIN-HH</subfield></datafield><datafield ind1=" " ind2=" " tag="080"><subfield code="a">551.465.1(9)</subfield></datafield><datafield ind1="1" ind2=" " tag="100"><subfield code="a">South, G. Robin</subfield></datafield><datafield ind1="1" ind2="0" tag="245"><subfield code="a">Oceans in the new millenium: challenges and opportunities for the islands</subfield><subfield code="b">Proceedings suva, republic of the fiji islands november 8-12, 1999</subfield><subfield code="c">Robin g. south; geoffrey cleave; posa a. sklton (compiled and edited by)</subfield></datafield><datafield ind1=" " ind2=" " tag="260"><subfield code="a">Constanta</subfield><subfield code="b">International Ocean Institute</subfield><subfield code="c">2001</subfield></datafield><datafield ind1=" " ind2=" " tag="300"><subfield code="a">328P. + ANEXES</subfield></datafield><datafield ind1="1" ind2=" " tag="700"><subfield code="a">Posa, Skelton A</subfield><subfield code="e">Ed</subfield></datafield><datafield ind1=" " ind2=" " tag="852"><subfield code="a">81274</subfield><subfield code="c">56</subfield></datafield><datafield ind1=" " ind2=" " tag="CAT"><subfield code="a">Sys</subfield><subfield code="c">20110411</subfield><subfield code="h">082028</subfield></datafield></record></collection>